%
%		Literaturangaben
%

@BOOK{MechanikI,
    Address        = {Braunschweig},
    Author         = {Ostermeyer, G.-P.},
    Publisher      = {TU Braunschweig},
    Series         = {Schriften zur Mechanik },
    Title          = {Mechanik I - Grundlagen, Statik starrer Körper, Statik elastischer Körper},
    Volume         = {1},
    Year           = {2001},
    ISBN           = {3-936148-01-5}
}

@BOOK{MechanikII,
    Address        = {Braunschweig},
    Author         = {Ostermeyer, G.-P.},
    Publisher      = {TU Braunschweig},
    Series         = {Schriften zur Mechanik },
    Title          = {Mechanik II - Stabilität, Kinematik und Kinetik, Schwingungen, Stoß},
    Volume         = {2},
    Year           = {2002},
    ISBN           = {3-936148-02-3}
}

@BOOK{MechanikIII,
    Address        = {Braunschweig},
    Author         = {Ostermeyer, G.-P.},
    Publisher      = {TU Braunschweig},
    Series         = {Schriften zur Mechanik },
    Title          = {Mechanik III - Kontinuumsschwingungen, Prinzipien der Mechanik, Hydromechanik},
    Volume         = {5},
    Year           = {2001},
    ISBN           = {3-936148-05-8}
}

@TECHREPORT{SMS,
    Address        = {Braunschweig},
    Author         = {Ostermeyer, G.-P.},
    Institution    = {Technische Universität Braunschweig },
    Title          = {Simulation mechatronischer Systeme},
    Type           = {Skript},
    Year           = {2004}
}